<record><leader>01477cam a2200397 a 4500</leader><controlfield tag="001">1001305</controlfield><controlfield tag="008">880408s1985    dcug     b      1 0 eng d</controlfield><datafield ind1=" " ind2=" " tag="010"><subfield code="a">   84012176 /MN/r86</subfield></datafield><datafield ind1=" " ind2=" " tag="010"><subfield code="a">   84012176 /MN/r86</subfield></datafield><datafield ind1=" " ind2=" " tag="020"><subfield code="a">0884021343</subfield></datafield><datafield ind1=" " ind2=" " tag="035"><subfield code="a">ocm10849431</subfield></datafield><datafield ind1=" " ind2=" " tag="040"><subfield code="a">DLC</subfield><subfield code="b">eng</subfield><subfield code="c">DLC</subfield></datafield><datafield ind1=" " ind2=" " tag="049"><subfield code="a">ACAL</subfield></datafield><datafield ind1=" " ind2=" " tag="049"><subfield code="a">AEU</subfield><subfield code="b">eng</subfield></datafield><datafield ind1="0" ind2="0" tag="050"><subfield code="a">ML3060</subfield><subfield code="b">.C69 1985</subfield></datafield><datafield ind1="0" ind2=" " tag="082"><subfield code="a">783.2</subfield><subfield code="2">19</subfield></datafield><datafield ind1=" " ind2=" " tag="090"><subfield code="a">ML 3060 C69 1985</subfield><subfield code="b">ACAL</subfield></datafield><datafield ind1="0" ind2=" " tag="090"><subfield code="a">ML 3060 C755 1985</subfield></datafield><datafield ind1="1" ind2=" " tag="100"><subfield code="a">Conomos, Dimitri E.</subfield></datafield><datafield ind1="1" ind2="4" tag="245"><subfield code="a">The late Byzantine and Slavonic Communion Cycle :</subfield><subfield code="b">liturgy and music /</subfield><subfield code="c">Dimitri E. Conomos.</subfield></datafield><datafield ind1=" " ind2=" " tag="260"><subfield code="a">Washington, D.C. :</subfield><subfield code="b">Dumbarton Oaks Research Library and Collection,</subfield><subfield code="c">c1985.</subfield></datafield><datafield ind1=" " ind2=" " tag="300"><subfield code="a">xiv, 207 p. :</subfield><subfield code="b">music ;</subfield><subfield code="c">27 cm.</subfield></datafield><datafield ind1=" " ind2=" " tag="336"><subfield code="a">text</subfield><subfield code="b">txt</subfield><subfield code="2">rdacontent</subfield></datafield><datafield ind1=" " ind2=" " tag="337"><subfield code="a">unmediated</subfield><subfield code="b">n</subfield><subfield code="2">rdamedia</subfield></datafield><datafield ind1=" " ind2=" " tag="338"><subfield code="a">volume</subfield><subfield code="b">nc</subfield><subfield code="2">rdacarrier</subfield></datafield><datafield ind1="1" ind2=" " tag="490"><subfield code="a">Dumbarton Oaks studies. ;</subfield><subfield code="v">21</subfield></datafield><datafield ind1=" " ind2=" " tag="500"><subfield code="a">Includes index.</subfield></datafield><datafield ind1=" " ind2=" " tag="504"><subfield code="a">Bibliography: p. [197]-203.</subfield></datafield><datafield ind1=" " ind2=" " tag="596"><subfield code="a">16 43</subfield></datafield><datafield ind1="2" ind2="0" tag="610"><subfield code="a">Orthodox Eastern Church</subfield><subfield code="x">Liturgy.</subfield></datafield><datafield ind1=" " ind2="0" tag="650"><subfield code="a">Church music</subfield><subfield code="x">Orthodox Eastern Church.</subfield></datafield><datafield ind1=" " ind2="0" tag="650"><subfield code="a">Byzantine chants</subfield><subfield code="x">History and criticism.</subfield></datafield><datafield ind1=" " ind2="0" tag="650"><subfield code="a">Lord's Supper</subfield><subfield code="x">Orthodox Eastern Church</subfield><subfield code="x">Liturgy.</subfield></datafield><datafield ind1=" " ind2="0" tag="830"><subfield code="a">Dumbarton Oaks studies. ;</subfield><subfield code="v">21.</subfield></datafield><datafield ind1=" " ind2=" " tag="926"><subfield code="a">ML 3060 C755 1985</subfield><subfield code="w">LC</subfield><subfield code="c">1</subfield><subfield code="i">000024069262</subfield><subfield code="d">3/25/2015</subfield><subfield code="e">3/21/2015</subfield><subfield code="l">MUSIC</subfield><subfield code="m">UAHSS</subfield><subfield code="n">11</subfield><subfield code="p">$150.00</subfield><subfield code="r">Y</subfield><subfield code="s">Y</subfield><subfield code="t">BOOK</subfield><subfield code="u">4/11/1988</subfield></datafield><datafield ind1=" " ind2=" " tag="926"><subfield code="a">ML 3060 C69 1985</subfield><subfield code="w">LC</subfield><subfield code="c">1</subfield><subfield code="i">11910000374261</subfield><subfield code="l">ON_SHELF</subfield><subfield code="m">UAAUG</subfield><subfield code="r">Y</subfield><subfield code="s">Y</subfield><subfield code="t">BOOK</subfield><subfield code="u">10/26/1994</subfield></datafield></record>